<?xml version="1.0" encoding="UTF-8"?><collection xmlns="http://www.loc.gov/MARC21/slim"><record><leader>00523nam--2200133-i-4500</leader><controlfield tag="001">000001599</controlfield><controlfield tag="002">20161230</controlfield><controlfield tag="005">20161230201024</controlfield><controlfield tag="008">060222s1000------------r-----000-0-eng-d</controlfield><datafield ind1=" " ind2=" " tag="080"><subfield code="a">51.72</subfield></datafield><datafield ind1=" " ind2=" " tag="245"><subfield code="a">GLOBAL ANALYSIS AND ITS APPLICATIONS. LECTURES PRESENTED AT AN INTERNATIONAL COURSE TRIESTE, 4 JULY - 25 AUGUST 1972 ORGANIZED BY THE INTERNATIONAL CENTRE FOR THEORETICAL PHYSICS, TRIESTE vol. II</subfield></datafield><datafield ind1=" " ind2=" " tag="260"><subfield code="a">Vienna, International Atomic Energy Agency, 1974. 361 P</subfield></datafield><datafield ind1=" " ind2=" " tag="852"><subfield code="a">42528</subfield><subfield code="c">513.83</subfield></datafield><datafield ind1=" " ind2=" " tag="CAT"><subfield code="a">Sys</subfield><subfield code="c">20080609</subfield><subfield code="h">095402</subfield></datafield></record></collection>